@inproceedings{zhou2008large,
  title={Large-scale parallel collaborative filtering for the netflix prize},
  author={Zhou, Yunhong and Wilkinson, Dennis and Schreiber, Robert and Pan, Rong},
  booktitle={International Conference on Algorithmic Applications in Management},
  pages={337--348},
  year={2008},
  organization={Springer}
}


@article{strub2016hybrid,
  title={Hybrid Collaborative Filtering with Autoencoders},
  author={Strub, Florian and Mary, Jeremie and Gaudel, Romaric},
  journal={arXiv preprint arXiv:1603.00806},
  year={2016}
}
