@inproceedings{zhou2008large,
  title={Large-scale parallel collaborative filtering for the netflix prize},
  author={Zhou, Yunhong and Wilkinson, Dennis and Schreiber, Robert and Pan, Rong},
  booktitle={International Conference on Algorithmic Applications in Management},
  pages={337--348},
  year={2008},
  organization={Springer}
}

@article{strub2016hybrid,
  title={Hybrid Collaborative Filtering with Autoencoders},
  author={Strub, Florian and Mary, Jeremie and Gaudel, Romaric},
  journal={arXiv preprint arXiv:1603.00806},
  year={2016}
}

@inproceedings{youtube2016,
title = {Deep Neural Networks for YouTube Recommendations},
author  = {Paul Covington and Jay Adams and Emre Sargin},
year  = 2016,
booktitle = {Proceedings of the 10th ACM Conference on Recommender Systems},
address = {New York, NY, USA}
}